<?xml version="1.0" encoding="UTF-8"?><collection xmlns="http://www.loc.gov/MARC21/slim"><record><leader>00565nam--2200205-i-4500</leader><controlfield tag="001">000041280</controlfield><controlfield tag="002">20161230</controlfield><controlfield tag="005">20161230201043</controlfield><controlfield tag="008">060222s1000------------r-----000-0-rus-d</controlfield><datafield ind1=" " ind2=" " tag="040"><subfield code="a">IFIN-HH</subfield></datafield><datafield ind1=" " ind2=" " tag="041"><subfield code="a">rus</subfield></datafield><datafield ind1=" " ind2=" " tag="080"><subfield code="a">539.2</subfield></datafield><datafield ind1=" " ind2="1" tag="100"><subfield code="a">Vol, A.E</subfield></datafield><datafield ind1="1" ind2="0" tag="245"><subfield code="a">Stroenie i svoistva svoinih metalliceskih sistem</subfield><subfield code="c">A.e. vol, i.k. kagan</subfield></datafield><datafield ind1=" " ind2=" " tag="260"><subfield code="a">Moskva</subfield><subfield code="b">Fiziko-matematiceskoi Litaraturi</subfield><subfield code="c">1959, 1962, 1976, 1979</subfield></datafield><datafield ind1=" " ind2=" " tag="300"><subfield code="a">4 VOL</subfield></datafield><datafield ind1="1" ind2=" " tag="700"><subfield code="a">Kagan, I.K</subfield></datafield><datafield ind1="1" ind2=" " tag="787"><subfield code="a">Tom Cetvertii</subfield><subfield code="d">1979</subfield><subfield code="h">576p</subfield></datafield><datafield ind1=" " ind2=" " tag="852"><subfield code="a">6886</subfield><subfield code="c">539.2</subfield></datafield><datafield ind1=" " ind2=" " tag="CAT"><subfield code="a">Sys</subfield><subfield code="c">20120718</subfield><subfield code="h">151633</subfield></datafield></record></collection>